% Encoding: UTF-8

%%%%%%%%%%%%%%%%%%%%%%%%%%%%%%%%%%%%%%%%%%%%%%%%%%%%%%%%%%%%%%%%%%%%%%%%%%%%%%
%
% term/graph rewriting
%
%%%%%%%%%%%%%%%%%%%%%%%%%%%%%%%%%%%%%%%%%%%%%%%%%%%%%%%%%%%%%%%%%%%%%%%%%%%%%%
                  
@article{LopezFraguas14TPLP,
  author = {F. J. L{\'o}pez-Fraguas and E. Martin-Martin and J. Rodr\'{\i}guez-Hortal{\'a} and J. S{\'a}nchez-Hern{\'a}ndez},
  title     = {Rewriting and narrowing for constructor systems with call-time choice semantics},
  journal   = {{TPLP}},
  volume    = 14,
  number    = 2,
  pages     = {165--213},
  year      = 2014,
  url       = {http://dx.doi.org/10.1017/S1471068412000373},
  Xdoi       = {10.1017/S1471068412000373},
  timestamp = {Tue, 18 Mar 2014 13:39:55 +0100},
  biburl    = {http://dblp.uni-trier.de/rec/bib/journals/tplp/Lopez-FraguasMRS14},
  bibsource = {dblp computer science bibliography, http://dblp.org}
}

% I'll probably need this at some point
@TechReport{EchahedJanodet97IMAG,
  author      = {R. Echahed and J. C. Janodet},
  title       = {On constructor-based graph rewriting systems},
  institution = {IMAG},
  year        = {1997},
  number      = {985-I},
  note        = {Available at ftp://ftp.imag.fr/pub/labo-LEIBNIZ/OLD-archives/PMP/c-graph-rewriting.ps.gz},
}

% I'll probably need this at some point too
@InProceedings{Plump99Handbook,
  author    = {D. Plump},
  title     = {Term Graph Rewriting},
  booktitle = {Handbook of Graph Grammars},
  year      = {1999},
  editor    = {H. Ehrig, G. Engels, H.-J. Kreowski and G. Rozenberg},
  volume    = {2},
  pages     = {3-61},
  publisher = {World Scientific},
}

@Book{Terese03,
  title     = {Term Rewriting Systems},
  publisher = {Cambridge University Press},
  year      = {2003},
  author    = {M. Bezem and J. W. Klop and R. de Vrijer (eds.)},
  url       = {http://dx.doi.org/10.1145/979743.979772},
}


@InCollection{Klop92Handbook,
  author    = {J. W. Klop},
  title     = {{Term Rewriting Systems}},
  booktitle = {Handbook of Logic in Computer Science, Vol.\ II},
  publisher = {Oxford University Press},
  year      = {1992},
  editor    = {S. Abramsky and D. Gabbay and T. Maibaum},
  pages     = {1-112},
}




@Book{BaaderNipkow98,
  title     = {Term Rewriting and All That},
  publisher = {Cambridge University Press},
  year      = {1998},
  author    = {F. Baader and T. Nipkow},
}
%%%%%%%%%%%%%%%%%%%%%%%%%%%%%%%%%%%%%%%%%%%%%%%%%%%%%%%%%%%%%%%%%%%%%%%%%%%%%%
%
% papers describing curry
%
%%%%%%%%%%%%%%%%%%%%%%%%%%%%%%%%%%%%%%%%%%%%%%%%%%%%%%%%%%%%%%%%%%%%%%%%%%%%%%

@article{AntoyHanus10CACM,
   author={S. Antoy and M. Hanus},
   title={Functional Logic Programming},
   journal={Comm. of the ACM},
   volume={53},
   number={4},
   year={2010},
   month={April},
   pages={74-85}
}


@Misc{AntoyHanus17tutorial,
  author       = {S. Antoy and M. Hanus},
  title        = {{Curry}: A {Tutorial} {Introduction}},
  note         = {Available at http://www-ps.informatik.uni-kiel.de/currywiki/documentation/tutorial},
  year         = {January 13, 2017}
}

@Article{Antoy05JSC,
  author  = {S. Antoy},
  title   = {Evaluation Strategies for Functional Logic Programming},
  journal = {Journal of Symbolic Computation},
  year    = {2005},
  volume  = {40},
  number  = {1},
  pages   = {875-903},
  doi     = {http://dx.doi.org/10.1016/j.jsc.2004.12.007},
}
@Misc{Hanus16Curry,
  author       = {Hanus (ed.), M.},
  title        = {Curry: An Integrated Functional Logic Language (Vers.\ 0.9.0)},
  note         = {Available at http://www.curry-language.org},
  year         = {2016},
}

@InProceedings{AntoyHanus06ICLP,
  author    = {S. Antoy and M. Hanus},
  title     = {Overlapping Rules and Logic Variables in Functional Logic Programs},
  booktitle = {Proceedings of the Twenty Second International Conference on Logic Programming},
  year      = {2006},
  pages     = {87-101},
  address   = {Seattle, WA},
  month     = aug,
  publisher = {Springer LNCS 4079},
  url       = {http://dx.doi.org/10.1007/11799573\_9},
}

@InProceedings{AntoyBrownChiang06RTA,
  author    = {S. Antoy and D. Brown and S.-H. Chiang},
  title     = {On the Correctness of Bubbling},
  booktitle = {17th International Conference on Rewriting Techniques and Applications},
  year      = {2006},
  editor    = {F. Pfenning},
  pages     = {35-49},
  address   = {Seattle, WA},
  month     = aug,
  publisher = {Springer LNCS 4098},
}

@InProceedings{Antoy92ALP,
  author    = {S. Antoy},
  title     = {Definitional Trees},
  booktitle = {Proceedings of the Third International Conference on Algebraic and Logic Programming},
  year      = {1992},
  editor    = {H. Kirchner and G. Levi},
  pages     = {143-157},
  address   = {Volterra, Italy},
  month     = sep,
  publisher = {Springer LNCS 632},
  url       = {http://dx.doi.org/10.1007/bfb0013825},
}

@Article{Antoy11ICLP,
  author  = {S. Antoy},
  title   = {On the Correctness of Pull-Tabbing},
  journal = {TPLP},
  year    = {2011},
  volume  = {11},
  number  = {4-5},
  pages   = {713-730},
  ee      = {http://dx.doi.org/10.1017/S1471068411000263},
}

@InProceedings{Antoy01PPDP,
  author    = {S. Antoy},
  title     = {Constructor-based Conditional Narrowing},
  booktitle = {Proceedings of the Third ACM SIGPLAN International Conference on Principles and Practice of Declarative Programming},
  year      = {2001},
  pages     = {199-206},
  publisher = {ACM Press},
  doi       = {http://doi.acm.org/10.1145/773184.773205},
  isbn      = {1-58113-388-X},
  location  = {Florence, Italy},
}

@InProceedings{Antoy97ALP,
  author    = {S. Antoy},
  title     = {Optimal Non-Deterministic Functional Logic Computations},
  booktitle = {Proceedings of the Sixth International Conference on Algebraic and Logic Programming (ALP'97)},
  year      = {1997},
  pages     = {16-30},
  address   = {Southampton, UK},
  month     = sep,
  publisher = {Springer LNCS 1298},
  note      = {Extended version at http://cs.pdx.edu/~antoy/homepage/publications/alp97/full.pdf},
}

%%%%%%%%%%%%%%%%%%%%%%%%%%%%%%%%%%%%%%%%%%%%%%%%%%%%%%%%%%%%%%%%%%%%%%%%%%%%%%
%
% curry compilers
%
%%%%%%%%%%%%%%%%%%%%%%%%%%%%%%%%%%%%%%%%%%%%%%%%%%%%%%%%%%%%%%%%%%%%%%%%%%%%%%

@PHDTHESIS{Brassel2011PHD,
  author = {Brassel, B.},
  title = {Implementing Functional Logic Programs by Translation into Purely Functional Programs},
  school = {Christian-Albrechts-Universit{\"a}t zu Kiel},
  year = {2011}
}

@Proceedings{LuxMCC12,
  title  = {{The Muenster Curry Compiler}},
  year   = {2012},
  editor = {W. Lux},
  note   = {Available at http://danae.uni-muenster.de/~lux/curry/},
}

@Article{AntoyJost16LOPSTR,
  author    = {Sergio Antoy and Andy Jost},
  title     = {A New Functional-Logic Compiler for Curry: Sprite},
  journal   = {CoRR},
  year      = {2016},
  volume    = {abs/1608.04016},
  bibsource = {dblp computer science bibliography, http://dblp.org},
  biburl    = {http://dblp.uni-trier.de/rec/bib/journals/corr/AntoyJ16},
  timestamp = {Fri, 02 Sep 2016 17:46:24 +0200},
  url       = {http://arxiv.org/abs/1608.04016},
}

@Misc{Hanus17PAKCS,
  author       = {Hanus (ed.), M.},
  title        = {{PAKCS} 1.14.3: {The Portland Aachen Kiel Curry System}},
  note         = {Available at http://www.informatik.uni-kiel.de/~pakcs},
  year         = {March 04, 2017},
}


@InProceedings{BrasselHanusPeemoellerReck11,
  author    = {Bra{\ss}el, B. and Hanus, M. and Peem{\"o}ller, B. and Reck, F.},
  title     = {{KiCS2}: A New Compiler from {Curry} to {Haskell}},
  booktitle = {Proc.\ of the 20th International Workshop on Functional and (Constraint) Logic Programming (WFLP 2011)},
  year      = {2011},
  pages     = {1-18},
  publisher = {Springer LNCS 6816},
}
%%%%%%%%%%%%%%%%%%%%%%%%%%%%%%%%%%%%%%%%%%%%%%%%%%%%%%%%%%%%%%%%%%%%%%%%%%%%%%
%
% compiler optimizations
%
%%%%%%%%%%%%%%%%%%%%%%%%%%%%%%%%%%%%%%%%%%%%%%%%%%%%%%%%%%%%%%%%%%%%%%%%%%%%%%

% tarjans fast dominator algorithm
@Article{LengauerTarjan79ACM,
  author     = {Lengauer, T. and Tarjan, R. E.},
  title      = {A Fast Algorithm for Finding Dominators in a Flowgraph},
  journal    = {ACM Trans. Program. Lang. Syst.},
  year       = {1979},
  volume     = {1},
  number     = {1},
  pages      = {121--141},
  month      = jan,
  issn       = {0164-0925},
  acmid      = {357071},
  address    = {New York, NY, USA},
  doi        = {10.1145/357062.357071},
  issue_date = {July 1979},
  numpages   = {21},
  publisher  = {ACM},
  url        = {http://doi.acm.org/10.1145/357062.357071},
}

% describes using dominators for finding optimizations in flow graphs
@article{LowryMedlock69,
 author = {Lowry, Edward S. and Medlock, C. W.},
 title = {Object Code Optimization},
 journal = {Commun. ACM},
 issue_date = {Jan. 1969},
 volume = {12},
 number = {1},
 month = jan,
 year = {1969},
 issn = {0001-0782},
 pages = {13--22},
 numpages = {10},
 url = {http://doi.acm.org/10.1145/362835.362838},
 doi = {10.1145/362835.362838},
 acmid = {362838},
 publisher = {ACM},
 address = {New York, NY, USA},
 keywords = {FORTRAN, System/360, compilers, data flow analysis, dominance, efficiency, graph theory, loop structure, machine instructions, object code, optimization, redundancy elimination, register assignment},
} 

% The compiler book
@book{AhoUllman77,
 author = {Aho, Alfred V. and Ullman, Jeffrey D.},
 title = {Principles of Compiler Design (Addison-Wesley Series in Computer Science and Information Processing)},
 year = {1977},
 isbn = {0201000229},
 publisher = {Addison-Wesley Longman Publishing Co., Inc.},
 address = {Boston, MA, USA},
} 


@book{continuations_appel,
 author = {Appel, Andrew W.},
 title = {Compiling with Continuations},
 year = {2007},
 isbn = {052103311X},
 publisher = {Cambridge University Press},
 address = {New York, NY, USA},
} 

@book{compilers_appel,
 author = {Appel, Andrew W.},
 title = {Modern Compiler Implementation in ML: Basic Techniques},
 year = {1997},
 isbn = {0-521-58775-1},
 publisher = {Cambridge University Press},
 address = {New York, NY, USA},
} 

@inproceedings{orbit,
 author = {Adams, Norman and Kranz, David and Kelsey, Richard and Rees, Jonathan and Hudak, Paul and Philbin, James},
 title = {ORBIT: An Optimizing Compiler for Scheme},
 booktitle = {Proceedings of the 1986 SIGPLAN Symposium on Compiler Construction},
 series = {SIGPLAN '86},
 year = {1986},
 isbn = {0-89791-197-0},
 location = {Palo Alto, California, USA},
 pages = {219--233},
 numpages = {15},
 url = {http://doi.acm.org/10.1145/12276.13333},
 publisher = {ACM},
 address = {New York, NY, USA},
} 

% first description of most common optimizations that I know of
@article{optminzation_allen,
    author = {F.E. Allen},
    title = {Program optimization},
    journal = {Annual Review in Automatic Programming},
    volume = {5},
    publisher = {Pergamon Press},
    location = {Oxford},
    year = {1969},
    pages = {239--307},
}

% first use of dataflow analysis
@book{dataflow_allen,
    author = {F.E. Allen and J. Cocke},
    title = {A catalogue of optimizing transformations},
    booktitle = {R. Rustin, ed., Design and Optimization of Compilers},
    publisher = {Prentice-Hall},
    location = {Englewood Cliffs, NJ},
    year = {1972},
}

% first use of dataflow for global program analysis
@inproceedings{dataflow_kildall,
 author = {Kildall, Gary A.},
 title = {A Unified Approach to Global Program Optimization},
 booktitle = {Proceedings of the 1st Annual ACM SIGACT-SIGPLAN Symposium on Principles of Programming Languages},
 series = {POPL '73},
 year = {1973},
 location = {Boston, Massachusetts},
 pages = {194--206},
 numpages = {13},
 url = {http://doi.acm.org/10.1145/512927.512945},
 doi = {10.1145/512927.512945},
 acmid = {512945},
 publisher = {ACM},
 address = {New York, NY, USA},
} 

% SSA form
@inproceedings{ssa_alpern,
 author = {Alpern, B. and Wegman, M. N. and Zadeck, F. K.},
 title = {Detecting Equality of Variables in Programs},
 booktitle = {Proceedings of the 15th ACM SIGPLAN-SIGACT Symposium on Principles of Programming Languages},
 series = {POPL '88},
 year = {1988},
 isbn = {0-89791-252-7},
 location = {San Diego, California, USA},
 pages = {1--11},
 numpages = {11},
 url = {http://doi.acm.org/10.1145/73560.73561},
 doi = {10.1145/73560.73561},
 acmid = {73561},
 publisher = {ACM},
 address = {New York, NY, USA},
} 

% used SSA for several optimizations
@article{ssa_Wegman,
 author = {Wegman, Mark N. and Zadeck, F. Kenneth},
 title = {Constant Propagation with Conditional Branches},
 journal = {ACM Trans. Program. Lang. Syst.},
 issue_date = {April 1991},
 volume = {13},
 number = {2},
 month = apr,
 year = {1991},
 issn = {0164-0925},
 pages = {181--210},
 numpages = {30},
 url = {http://doi.acm.org/10.1145/103135.103136},
 doi = {10.1145/103135.103136},
 acmid = {103136},
 publisher = {ACM},
 address = {New York, NY, USA},
 keywords = {abstract interpretation, code optimization, constant propagation, control flow graph, interprocedural analysis, procedure integration, static single assignment form, type determination},
} 

%induction variable analysis
@article{ssa_wolfe,
author = {Stoltz, E and Gerlek, M.P. and Wolfe, M},
year = {1994},
month = {02},
pages = {43 - 52},
title = {Extended SSA with factored use-def chains to support optimization and parallelism},
isbn = {0-8186-5060-5}
}

% early use of CPS as an IR
@phdthesis{steele78,
   author = {Guy Lewis Steele, Jr},
   title = {RABBIT: A Compiler for SCHEME},
   institution = {Masters Thesis. MIT AI Lab. AI Lab Technical Report AITR-474}, 
   month =May,
   year = 1978
}

@book{functional_PeytonJones,
 author = {Peyton Jones, Simon L.},
 title = {The Implementation of Functional Programming Languages (Prentice-Hall International Series in Computer Science)},
 year = {1987},
 isbn = {013453333X},
 publisher = {Prentice-Hall, Inc.},
 address = {Upper Saddle River, NJ, USA},
} 

% low level IR for haskell
@inproceedings{stg-peytonJones,
 author = {Peyton Jones, Simon L. and Salkild, Jon},
 title = {The Spineless Tagless G-machine},
 booktitle = {Proceedings of the Fourth International Conference on Functional Programming Languages and Computer Architecture},
 series = {FPCA '89},
 year = {1989},
 isbn = {0-89791-328-0},
 location = {Imperial College, London, United Kingdom},
 pages = {184--201},
 numpages = {18},
 url = {http://doi.acm.org/10.1145/99370.99385},
 publisher = {ACM},
} 

% a normal form
@inproceedings{anormal_Flanagan,
 author = {Flanagan, Cormac and Sabry, Amr and Duba, Bruce F. and Felleisen, Matthias},
 title = {The Essence of Compiling with Continuations},
 booktitle = {Proceedings of the ACM SIGPLAN 1993 Conference on Programming Language Design and Implementation},
 series = {PLDI '93},
 year = {1993},
 isbn = {0-89791-598-4},
 location = {Albuquerque, New Mexico, USA},
 pages = {237--247},
 numpages = {11},
 url = {http://doi.acm.org/10.1145/155090.155113},
} 

% Lambda the ultimate papers

@article{ultimate_imparative,
    author = { Guy Lewis Steele, Jr. and Gerald Jay Sussman},
    title = {Lambda: The Ultimate Imperative},
    publisher = {MIT AI Lab},
    year = 1976,
    month = march,
}
@article{ultimate_declaritive,
    author = {Guy Lewis Steele, Jr.},
    title = {Lambda: The Ultimate Declarative},
    publisher = {MIT AI Lab},
    year = 1976,
    month = November,
}
@article{lambda_rename_steel,
    author = {Guy Lewis Steele, Jr.},
    title = {Compiler Optimization Based on Viewing LAMBDA as RENAME + GOTO},
    year = 1980,
    publisher = {MIT AI Lab},
}
@article{lambda_goto,
    author = {Guy Lewis Steele, Jr.},
    title = {Debunking the "Expensive Procedure Call" Myth, or Procedure Call Implementations Considered Harmful, or LAMBDA, the Ultimate GOTO"},
    journal = {ACM Conference Proceedings. 1977},
    year = 1977,
}

@article{deforestation_wadler,
title = "Deforestation: transforming programs to eliminate trees",
journal = "Theoretical Computer Science",
volume = "73",
number = "2",
pages = "231 - 248",
year = "1990",
issn = "0304-3975",
doi = "https://doi.org/10.1016/0304-3975(90)90147-A",
url = "http://www.sciencedirect.com/science/article/pii/030439759090147A",
author = "Philip Wadler"
}

@inproceedings{shortcut_deforestation,
 author = {Gill, Andrew and Launchbury, John and Peyton Jones, Simon L.},
 title = {A Short Cut to Deforestation},
 booktitle = {Proceedings of the Conference on Functional Programming Languages and Computer Architecture},
 series = {FPCA '93},
 year = {1993},
 isbn = {0-89791-595-X},
 location = {Copenhagen, Denmark},
 pages = {223--232},
 numpages = {10},
 url = {http://doi.acm.org/10.1145/165180.165214},
 doi = {10.1145/165180.165214},
 acmid = {165214},
 publisher = {ACM},
 address = {New York, NY, USA},
}

@article{haskell_inliner,
 author = {Peyton Jones, Simon and Marlow, Simon},
 title = {Secrets of the Glasgow Haskell Compiler Inliner},
 journal = {J. Funct. Program.},
 issue_date = {July 2002},
 volume = {12},
 number = {5},
 month = jul,
 year = {2002},
 issn = {0956-7968},
 pages = {393--434},
 numpages = {42},
 url = {http://dx.doi.org/10.1017/S0956796802004331},
 doi = {10.1017/S0956796802004331},
 acmid = {968422},
 publisher = {Cambridge University Press},
 address = {New York, NY, USA},
} 

% TODO: add deforestation (Wadler) and secrets of the ghc inliner (I think?) (SPJ)

%%%%%%%%%%%%%%%%%%%%%%%%%%%%%%%%%%%%%%%%%%%%%%%%%%%%%%%%%%%%%%%%%%%%%%%%%%%%%%
%
% curry specific optimizations
%
%%%%%%%%%%%%%%%%%%%%%%%%%%%%%%%%%%%%%%%%%%%%%%%%%%%%%%%%%%%%%%%%%%%%%%%%%%%%%%


@thesis{peval_bjorn,
    title = {Normalization and Partial Evaluation of Functional Logic Programs},
    author = {Björn Peemöller},
    year = 2016,
}

@inproceedings{offline_peval_Ramos,
 author = {Ramos, J. Guadalupe and Silva, Josep and Vidal, Germ\'{a}n},
 title = {An Offline Partial Evaluator for Curry Programs},
 booktitle = {Proceedings of the 2005 ACM SIGPLAN Workshop on Curry and Functional Logic Programming},
 series = {WCFLP '05},
 year = {2005},
 isbn = {1-59593-069-8},
 location = {Tallinn, Estonia},
 pages = {49--53},
 numpages = {5},
 url = {http://doi.acm.org/10.1145/1085099.1085109},
 doi = {10.1145/1085099.1085109},
 acmid = {1085109},
 publisher = {ACM},
 address = {New York, NY, USA},
 keywords = {narrowing, offline partial evaluation},
} 



@Comment{jabref-meta: databaseType:bibtex;}
